<record><leader>00000cas a2200000 a 4500</leader><controlfield tag="001">31065039</controlfield><controlfield tag="007">hd afu---baca</controlfield><controlfield tag="008">940908d188u1893nbuwr nea     0    0eng c</controlfield><datafield ind1=" " ind2=" " tag="010"><subfield code="a">sn 94056323 </subfield></datafield><datafield ind1=" " ind2=" " tag="040"><subfield code="a">NVG</subfield><subfield code="b">eng</subfield><subfield code="c">NVG</subfield><subfield code="d">OCLCQ</subfield><subfield code="d">OCLCF</subfield><subfield code="d">OCLCO</subfield><subfield code="d">OCLCQ</subfield></datafield><datafield ind1=" " ind2=" " tag="042"><subfield code="a">pcc</subfield></datafield><datafield ind1=" " ind2=" " tag="043"><subfield code="a">n-us-nb</subfield></datafield><datafield ind1="0" ind2="0" tag="245"><subfield code="a">Kearney County Democrat.</subfield></datafield><datafield ind1="1" ind2="3" tag="246"><subfield code="a">Kearney Co. Democrat</subfield></datafield><datafield ind1=" " ind2=" " tag="260"><subfield code="a">Minden, Neb. :</subfield><subfield code="b">F.C. Brobst,</subfield><subfield code="c">-1893.</subfield></datafield><datafield ind1=" " ind2=" " tag="300"><subfield code="a">volumes</subfield></datafield><datafield ind1=" " ind2=" " tag="310"><subfield code="a">Weekly</subfield></datafield><datafield ind1=" " ind2=" " tag="336"><subfield code="a">text</subfield><subfield code="b">txt</subfield><subfield code="2">rdacontent</subfield></datafield><datafield ind1=" " ind2=" " tag="337"><subfield code="a">microform</subfield><subfield code="b">h</subfield><subfield code="2">rdamedia</subfield></datafield><datafield ind1=" " ind2=" " tag="338"><subfield code="a">microfilm reel</subfield><subfield code="b">hd</subfield><subfield code="2">rdacarrier</subfield></datafield><datafield ind1="0" ind2=" " tag="362"><subfield code="a">-10th year, no. 21 (June 30, 1893).</subfield></datafield><datafield ind1=" " ind2=" " tag="580"><subfield code="a">Merged with: Workman (Minden, Neb.), to form: Minden Courier.</subfield></datafield><datafield ind1=" " ind2=" " tag="588"><subfield code="a">Description based on: Vol. 3, no. 50 (Jan. 2, 1886).</subfield></datafield><datafield ind1=" " ind2=" " tag="533"><subfield code="a">Microfilm.</subfield><subfield code="b">Wooster, Ohio :</subfield><subfield code="c">Bell &amp; Howell.</subfield><subfield code="e">3 microfilm reels ; 35 mm.</subfield></datafield><datafield ind1=" " ind2="0" tag="651"><subfield code="a">Kearney County (Neb.)</subfield><subfield code="v">Newspapers.</subfield></datafield><datafield ind1=" " ind2="7" tag="651"><subfield code="a">Nebraska</subfield><subfield code="z">Kearney County.</subfield><subfield code="2">fast</subfield><subfield code="0">(OCoLC)fst01227529</subfield></datafield><datafield ind1=" " ind2="7" tag="655"><subfield code="a">Newspapers.</subfield><subfield code="2">fast</subfield><subfield code="0">(OCoLC)fst01423814</subfield></datafield><datafield ind1=" " ind2=" " tag="752"><subfield code="a">United States</subfield><subfield code="b">Nebraska</subfield><subfield code="c">Kearney</subfield><subfield code="d">Minden.</subfield></datafield><datafield ind1="1" ind2="7" tag="785"><subfield code="t">Workman (Minden, Neb.)</subfield><subfield code="w">(DLC)sn 94056331</subfield></datafield><datafield ind1="1" ind2="7" tag="785"><subfield code="t">Minden courier</subfield><subfield code="w">(DLC)sn 94056322</subfield></datafield><datafield ind1="1" ind2=" " tag="029"><subfield code="a">AU@</subfield><subfield code="b">000011276824</subfield></datafield></record>